@book{
	intro_medical_vtk_bioimage,
	author			= {Xenophon Papademetris and Alark Joshi},
	title			= {An Introduction to Programming for Medical Image Analysis with the Visualization Toolkit},
	publisher		= {BioImage Suite},
	edition			= {2nd},
	year			= {2009},
}

@booklet{
	dicom_classes_vtk,
	author			= {David Gobbi},
	title			= {VTK Classes for DICOM Data},
	year			= {2015},
	howpublished	= "\url{http://dgobbi.github.io/vtk-dicom/doc/vtk-dicom.pdf}",
}

@misc{
	about_dicom,
	title			= {About DICOM},
	howpublished	= "\url{http://dicom.nema.org/Dicom/about-DICOM.html}",
}

@book{
	dicom_intro_and_guide,
	author			= {Oleg S. Pianykh},
	title			= {Digital Imaging and Communications in Medicine (DICOM). A Practical Introduction and Survival Guide},	
	publisher		= {Springer},
	edition			= {2nd},
	year			= {2012},
}

@misc{
	tac,
	title			= {Escáner o tomografía. ¿Qué es y cómo funciona?},	
	howpublished	= "\url{http://www.fisioterapia-online.com/videos/escaner-o-tomografia-que-es-y-como-funciona}",
}

@misc{
	iee830,
	title			= {Especificación de Requisitos según el estándar de IEE 830},
	howpublished	= "\url{https://www.fdi.ucm.es/profesor/gmendez/docs/is0809/ieee830.pdf}",
}

@misc{
	slicer,
	title			= {Slicer},
	howpublished	= "\url{https://www.slicer.org/}",
}