@MISC{
	intro_medical_vtk_bioimage,
	author	= {Xenophon Papademetris and Alark Joshi},
	title	= {An Introduction to Programming for Medical Image Analysis with the Visualization Toolkit},
	year	= {2009},
	pages	= {283},
	url		= {http://bioimagesuite.yale.edu/vtkbook/},
}

@MISC{
	dicom_classes_vtk,
	author	= {David Gobbi},
	title	= {VTK Classes for DICOM Data},
	year	= {2015},
	pages	= {24},
	url		= {http://dgobbi.github.io/vtk-dicom/doc/vtk-dicom.pdf},
}